@misc{,
title = {{PlutoSDR/doc at master {\textperiodcentered} oscimp/PlutoSDR {\textperiodcentered} GitHub}},
url = {https://github.com/oscimp/PlutoSDR/tree/master/doc},
urldate = {2022-05-02}
}
@misc{,
title = {{Building Embedded Linux Systems: Concepts, Techniques, Tricks, and Traps - Karim Yaghmour, Jon Masters, Gilad Ben-Yossef, Philippe Gerum - Google Libros}},
url = {https://books.google.fr/books?id=I-hVqkX6A9cC{\&}pg=PA116{\&}dq=buildroot{\&}hl=es-419{\&}sa=X{\&}ved=2ahUKEwioi4XKh9b3AhXyyYUKHfUYAggQ6AF6BAgKEAI{\#}v=onepage{\&}q=buildroot{\&}f=false},
urldate = {2022-05-05}
}
@misc{,
title = {{Linux: Embedded Development - Alexandru Vaduva, Alex Gonzalez, Chris Simmonds - Google Libros}},
url = {https://books.google.fr/books?id=yIJcDgAAQBAJ{\&}pg=PA116{\&}dq=linux+embedded+tcp{\&}hl=es-419{\&}sa=X{\&}ved=2ahUKEwiR17K6h9b3AhUizoUKHf{\_}BAHsQ6AF6BAgGEAI{\#}v=onepage{\&}q=linux embedded tcp{\&}f=false},
urldate = {2022-05-10}
}
@article{Simmonds2015,
author = {Simmonds, Chris},
isbn = {9781784392536},
title = {{Mastering Embedded Linux Programming: Harness the power of Linux to create versatile and robust embedded solutions}},
url = {www.packtpub.com},
year = {2015}
}
@misc{,
title = {{FOSDEM 2019 - Buildroot for RISC-V}},
url = {https://archive.fosdem.org/2019/schedule/event/riscvbuildroot/},
urldate = {2022-04-10}
}
@article{Abdullah2007,
abstract = {Pulse interval and width modulation (PIWM) is viewed as a period-modulated square wave (PMSW) and a general expression for its spectrum is derived using a pseudo-static approach. Experimental resul...},
author = {Abdullah, S. A. and Fyath, R. S.},
doi = {10.1080/00207218608920845},
issn = {13623060},
journal = {http://dx.doi.org/10.1080/00207218608920845},
number = {1},
pages = {61--64},
publisher = { Taylor {\&} Francis Group },
title = {{Spectrum of pulse interval and width modulation}},
url = {https://www.tandfonline.com/doi/abs/10.1080/00207218608920845},
volume = {61},
year = {2007}
}
@article{Bapfste,
author = {Bapfste, Jean and Fourier, Joseph},
file = {:C$\backslash$:/Users/grove/AppData/Local/Mendeley Ltd./Mendeley Desktop/Downloaded/Bapfste, Fourier - Unknown - 2.2 Fourier transform and spectra What is Fourier and Fourier Transform.pdf:pdf},
issn = {1768-1830},
title = {{2.2 Fourier transform and spectra What is Fourier and Fourier Transform ??}}
}
@article{Coburn1999,
author = {Coburn, William O},
file = {:C$\backslash$:/Users/grove/AppData/Local/Mendeley Ltd./Mendeley Desktop/Downloaded/Coburn - 1999 - Spectral Analysis of Pulse-Modulated rf Signals 19991018 157.pdf:pdf},
title = {{Spectral Analysis of Pulse-Modulated rf Signals 19991018 157}},
year = {1999}
}
@article{Friedt2021,
author = {Friedt, J},
file = {:C$\backslash$:/Users/grove/Downloads/hackable{\_}buildroot.pdf:pdf},
pages = {1--15},
title = {{“ On ne compile jamais sur la cible embarqu{\'{e}}e ” : Buildroot propose GNU Radio sur Raspberry Pi ( et autres ) 1 Introduction}},
year = {2021}
}
